<?xml version="1.0" encoding="UTF-8"?><collection xmlns="http://www.loc.gov/MARC21/slim"><record><leader>00454nam--2200181-u-4500</leader><controlfield tag="001">000056867</controlfield><controlfield tag="002">20200911</controlfield><controlfield tag="005">20200911025830</controlfield><controlfield tag="008">200911s1000------------r-----000-0-eng-d</controlfield><datafield ind1=" " ind2=" " tag="040"><subfield code="a">IFIN-HH</subfield></datafield><datafield ind1="1" ind2=" " tag="041"><subfield code="a">eng</subfield></datafield><datafield ind1="1" ind2=" " tag="100"><subfield code="a">Hermans, Jo</subfield></datafield><datafield ind1="1" ind2="0" tag="245"><subfield code="a">Physics in Daily Life</subfield><subfield code="c">Jo Hermans</subfield></datafield><datafield ind1=" " ind2=" " tag="260"><subfield code="a">Les Ulis</subfield><subfield code="b">EDP Science</subfield><subfield code="c">2012</subfield></datafield><datafield ind1=" " ind2=" " tag="300"><subfield code="a">111 p</subfield></datafield><datafield ind1=" " ind2=" " tag="500"><subfield code="a">donatie Acad. Nicolae Victor Zamfir</subfield></datafield><datafield ind1=" " ind2=" " tag="852"><subfield code="a">82801</subfield><subfield code="c">NVZ</subfield></datafield><datafield ind1=" " ind2=" " tag="CAT"><subfield code="a">SYS</subfield><subfield code="c">20200911</subfield><subfield code="h">025830</subfield></datafield></record></collection>